
@online {mge-website,
  author = {Bin Shao and Yatao Li and Leo Xia and Tie-Yan Liu},
  title = {Mmicrosoft Graph Engine},
  url = {https://www.graphengine.io/},
  note = {Retrieved: 2018-05-22}
}

@online {gap-graphs,
  author = {Scott Beamer and Aydın Buluç and David Patterson and Krste Asanović},
  title = {GAP: Real-World Input Graphs},
  url = {http://gap.cs.berkeley.edu/datasets.html},
  note = {Retrieved: 2018-05-22}
}

@online {wdc-graph,
  title = {Web Data Commons - Hyperlink Graphs},
  url = {http://webdatacommons.org/hyperlinkgraph/},
  note = {Retrieved: 2018-05-22}
}

@online {facebook-user-count,
  title = {Number of monthly active Facebook users worldwide as of 1st quarter 2018},
  url = {https://www.statista.com/statistics/264810/number-of-monthly-active-facebook-users-worldwide/},
  note = {Retrieved: 2018-05-22}
}

@online {stanford-snap,
  author = {Jure Leskovec and Andrej Krevl},
  title = {{SNAP Datasets}: {Stanford} Large Network Dataset Collection},
  url = {https://snap.stanford.edu/data/},
  note = {Retrieved: 2018-05-22}
}

@online {www-graph500,
  title = {Graph500 Benchmark},
  url = {https://graph500.org/},
  note = {Retrieved: 2018-05-25}
}

@online {giraph-intro,
  author = {{Apache Giraph Community}},
  title = {Giraph 1.2.0 Introduction},
  url = {http://giraph.apache.org/intro.html},
  note = {Retrieved: 2018-05-22}
}

@online {graphx-doc,
  author = {{Apache Spark Community}},
  title = {GraphX 2.3.0 Programming Guide},
  url = {https://spark.apache.org/docs/2.3.0/graphx-programming-guide.html},
  note = {Retrieved: 2018-05-22}
}

@online {spark-doc,
  author = {{Apache Spark Community}},
  title = {Spark 2.3.0 Documentation},
  url = {https://spark.apache.org/docs/2.3.0/},
  note = {Retrieved: 2018-05-22}
}

@online {databrics-spark-ecosystem,
  author = {{Databricks Inc.}},
  title = {About Apache Spark},
  url = {https://databricks.com/spark/about},
  note = {Retrieved: 2018-05-21}
}

@article{gap-paper,
  author    = {Scott Beamer and
               Krste Asanovic and
               David A. Patterson},
  title     = {The {GAP} Benchmark Suite},
  journal   = {CoRR},
  volume    = {abs/1508.03619},
  year      = {2015},
  url       = {http://arxiv.org/abs/1508.03619},
  archivePrefix = {arXiv},
  eprint    = {1508.03619},
  timestamp = {Wed, 07 Jun 2017 14:43:10 +0200},
  biburl    = {https://dblp.org/rec/bib/journals/corr/BeamerAP15},
  bibsource = {dblp computer science bibliography, https://dblp.org}
}

@book{giraph-book,
  title={Large-Scale graph processing using Apache giraph},
  author={Sherif Sakr and Faisal Moeen Orakzai and Ibrahim Abdelaziz and Zuhair Khayyat},
  year={2016},
  publisher={Springer}
}

@inproceedings{xstream-paper,
 author = {Roy, Amitabha and Mihailovic, Ivo and Zwaenepoel, Willy},
 title = {X-Stream: Edge-centric Graph Processing Using Streaming Partitions},
 booktitle = {Proceedings of the Twenty-Fourth ACM Symposium on Operating Systems Principles},
 series = {SOSP '13},
 year = {2013},
 isbn = {978-1-4503-2388-8},
 location = {Farminton, Pennsylvania},
 pages = {472--488},
 numpages = {17},
 url = {http://doi.acm.org/10.1145/2517349.2522740},
 doi = {10.1145/2517349.2522740},
 acmid = {2522740},
 publisher = {ACM},
 address = {New York, NY, USA},
} 

@inproceedings{graphchi-paper,
 author = {Kyrola, Aapo and Blelloch, Guy and Guestrin, Carlos},
 title = {GraphChi: Large-scale Graph Computation on Just a PC},
 booktitle = {Proceedings of the 10th USENIX Conference on Operating Systems Design and Implementation},
 series = {OSDI'12},
 year = {2012},
 isbn = {978-1-931971-96-6},
 location = {Hollywood, CA, USA},
 pages = {31--46},
 numpages = {16},
 url = {http://dl.acm.org/citation.cfm?id=2387880.2387884},
 acmid = {2387884},
 publisher = {USENIX Association},
 address = {Berkeley, CA, USA},
} 

@inproceedings{trinity-engine,
    author = {Shao, Bin and Wang, Haixun and Li, Yatao},
    title = {Trinity: A Distributed Graph Engine on a Memory Cloud},
    booktitle = {Proceedings of SIGMOD 2013},
    year = {2013},
    month = {June},
    publisher = {ACM SIGMOD},
    url = {https://www.microsoft.com/en-us/research/publication/trinity-a-distributed-graph-engine-on-a-memory-cloud/},
    journal = {Sigmod 2013},
}

@inproceedings {mcsherry-scalable-overhead,
 author = {Frank McSherry and Michael Isard and Derek G. Murray},
 title = {Scalability! But at what {COST}?},
 booktitle = {15th Workshop on Hot Topics in Operating Systems (HotOS {XV})},
 year = {2015},
 address = {Kartause Ittingen, Switzerland},
 url = {https://www.usenix.org/conference/hotos15/workshop-program/presentation/mcsherry},
 publisher = {{USENIX} Association},
}

@inproceedings{google-pregel,
 author = {Malewicz, Grzegorz and Austern, Matthew H. and Aart J.C and Dehnert, James C. and Horn, Ilan and Leiser, Naty and Czajkowski, Grzegorz},
 title = {Pregel: A System for Large-scale Graph Processing},
 booktitle = {Proceedings of the 2010 ACM SIGMOD International Conference on Management of Data},
 series = {SIGMOD '10},
 year = {2010},
 isbn = {978-1-4503-0032-2},
 location = {Indianapolis, Indiana, USA},
 pages = {135--146},
 numpages = {12},
 url = {http://doi.acm.org/10.1145/1807167.1807184},
 doi = {10.1145/1807167.1807184},
 acmid = {1807184},
 publisher = {ACM},
 address = {New York, NY, USA},
 keywords = {distributed computing, graph algorigthms},
} 
